\begin{thebibliography}
@INPROCEEDINGS{9001455,
	author={K, Raghu and N, Prameela Kumari},
	booktitle={2018 International Conference on Electrical, Electronics, Communication, Computer, and Optimization Techniques (ICEECCOT)},
	title={Performance Evaluation \& Analysis of Direction of Arrival Estimation Algorithms using ULA}, 
	year={2018},
	volume={},
	number={},
	pages={1467-1473},
	doi={10.1109/ICEECCOT43722.2018.9001455}}
	
@INPROCEEDINGS{7322593,
  author={Gupta, Pooja and Kar, S.P.},
  booktitle={2015 International Conference on Communications and Signal Processing (ICCSP)}, 
  title={MUSIC and improved MUSIC algorithm to estimate direction of arrival}, 
  year={2015},
  volume={},
  number={},
  pages={0757-0761},
  doi={10.1109/ICCSP.2015.7322593}}

@INPROCEEDINGS{9392663,
  author={Chowdhury, Md. Waqeeb Tahmeed Sayeed and Mastora, Maisha},
  booktitle={2020 23rd International Conference on Computer and Information Technology (ICCIT)}, 
  title={Performance Analysis of MUSIC Algorithm for DOA Estimation with Varying ULA Parameters}, 
  year={2020},
  volume={},
  number={},
  pages={1-5},
  doi={10.1109/ICCIT51783.2020.9392663}}

@INPROCEEDINGS{6114042,
  author={Sanudin, Rahmat and Noordin, Nurul H. and El-Rayis, Ahmed O. and Haridas, Nakul and Erdogan, Ahmet T. and Arslan, Tughrul},
  booktitle={2011 Loughborough Antennas \& Propagation Conference}, 
  title={Capon-like DOA estimation algorithm for directional antenna arrays}, 
  year={2011},
  volume={},
  number={},
  pages={1-4},
  doi={10.1109/LAPC.2011.6114042}}

\end{thebibliography}