\begin{thebibliography}

@INPROCEEDINGS{doa_algorithms_raghu,
	author={K, Raghu and N, Prameela Kumari},
	booktitle={2018 International Conference on Electrical, Electronics, Communication, Computer, and Optimization Techniques (ICEECCOT)},
	title={Performance Evaluation \& Analysis of Direction of Arrival Estimation Algorithms using ULA}, 
	year={2018},
	volume={},
	number={},
	pages={1467-1473},
	doi={10.1109/ICEECCOT43722.2018.9001455}}

@INPROCEEDINGS{mvdr_montlouis,
  author={Montlouis, Webert and Cornely, Pierre-Richard J.},
  booktitle={2007 IEEE Radar Conference}, 
  title={Direction of Arrival and Angular Velocities (DOAV) Estimation using Minimum Variance Beamforming}, 
  year={2007},
  volume={},
  number={},
  pages={641-646},
  doi={10.1109/RADAR.2007.374294}}
  
@INPROCEEDINGS{capon_sanudin,
  author={Sanudin, Rahmat and Noordin, Nurul H. and El-Rayis, Ahmed O. and Haridas, Nakul and Erdogan, Ahmet T. and Arslan, Tughrul},
  booktitle={2011 Loughborough Antennas \& Propagation Conference}, 
  title={Capon-like DOA estimation algorithm for directional antenna arrays}, 
  year={2011},
  volume={},
  number={},
  pages={1-4},
  doi={10.1109/LAPC.2011.6114042}}
  
@INPROCEEDINGS{music_chowdhury,
  author={Chowdhury, Md. Waqeeb Tahmeed Sayeed and Mastora, Maisha},
  booktitle={2020 23rd International Conference on Computer and Information Technology (ICCIT)}, 
  title={Performance Analysis of MUSIC Algorithm for DOA Estimation with Varying ULA Parameters}, 
  year={2020},
  volume={},
  number={},
  pages={1-5},
  doi={10.1109/ICCIT51783.2020.9392663}}
  
@INPROCEEDINGS{improved_music_gupta,
  author={Gupta, Pooja and Kar, S.P.},
  booktitle={2015 International Conference on Communications and Signal Processing (ICCSP)}, 
  title={MUSIC and improved MUSIC algorithm to estimate direction of arrival}, 
  year={2015},
  volume={},
  number={},
  pages={0757-0761},
  doi={10.1109/ICCSP.2015.7322593}}

@INPROCEEDINGS{root_music_esprit_patwari,
  author={Patwari, Ashish and Reddy, G.R.},
  booktitle={2017 2nd IEEE International Conference on Recent Trends in Electronics, Information \& Communication Technology (RTEICT)}, 
  title={1D direction of arrival estimation using root-MUSIC and ESPRIT for dense uniform linear arrays}, 
  year={2017},
  volume={},
  number={},
  pages={667-672},
  doi={10.1109/RTEICT.2017.8256681}}

@ARTICLE{esprit_ning,
  author={Ning, Yu-Ming and Ma, Shuang and Meng, Fan-Yi and Wu, Qun},
  journal={IEEE Communications Letters}, 
  title={DOA Estimation Based on ESPRIT Algorithm Method for Frequency Scanning LWA}, 
  year={2020},
  volume={24},
  number={7},
  pages={1441-1445},
  doi={10.1109/LCOMM.2020.2988020}}

\end{thebibliography}